%YAML 1.1
%TAG !u! tag:unity3d.com,2011:
--- !u!1 &4715846145863869456
GameObject:
  m_ObjectHideFlags: 0
  m_CorrespondingSourceObject: {fileID: 0}
  m_PrefabInstance: {fileID: 0}
  m_PrefabAsset: {fileID: 0}
  serializedVersion: 6
  m_Component:
  - component: {fileID: 3802985364025284139}
  m_Layer: 0
  m_Name: floor 1
  m_TagString: Untagged
  m_Icon: {fileID: 0}
  m_NavMeshLayer: 0
  m_StaticEditorFlags: 0
  m_IsActive: 1
--- !u!4 &3802985364025284139
Transform:
  m_ObjectHideFlags: 0
  m_CorrespondingSourceObject: {fileID: 0}
  m_PrefabInstance: {fileID: 0}
  m_PrefabAsset: {fileID: 0}
  m_GameObject: {fileID: 4715846145863869456}
  m_LocalRotation: {x: 0, y: 0, z: 0, w: 1}
  m_LocalPosition: {x: 0, y: 0, z: 0}
  m_LocalScale: {x: 1, y: 1, z: 1}
  m_Children:
  - {fileID: 2441410651021912282}
  - {fileID: 7057785159270354252}
  - {fileID: 916705735358018440}
  m_Father: {fileID: 0}
  m_RootOrder: 0
  m_LocalEulerAnglesHint: {x: 0, y: 0, z: 0}
--- !u!1001 &1815574743950643129
PrefabInstance:
  m_ObjectHideFlags: 0
  serializedVersion: 2
  m_Modification:
    m_TransformParent: {fileID: 3802985364025284139}
    m_Modifications:
    - target: {fileID: 6327417425514424144, guid: 0e6060c0c8c56d042b58607185655a1b,
        type: 3}
      propertyPath: m_Name
      value: token_red
      objectReference: {fileID: 0}
    - target: {fileID: 8701092646410257141, guid: 0e6060c0c8c56d042b58607185655a1b,
        type: 3}
      propertyPath: m_LocalPosition.x
      value: 2.5
      objectReference: {fileID: 0}
    - target: {fileID: 8701092646410257141, guid: 0e6060c0c8c56d042b58607185655a1b,
        type: 3}
      propertyPath: m_LocalPosition.y
      value: 0.75
      objectReference: {fileID: 0}
    - target: {fileID: 8701092646410257141, guid: 0e6060c0c8c56d042b58607185655a1b,
        type: 3}
      propertyPath: m_LocalPosition.z
      value: 0
      objectReference: {fileID: 0}
    - target: {fileID: 8701092646410257141, guid: 0e6060c0c8c56d042b58607185655a1b,
        type: 3}
      propertyPath: m_LocalRotation.x
      value: -0
      objectReference: {fileID: 0}
    - target: {fileID: 8701092646410257141, guid: 0e6060c0c8c56d042b58607185655a1b,
        type: 3}
      propertyPath: m_LocalRotation.y
      value: -0
      objectReference: {fileID: 0}
    - target: {fileID: 8701092646410257141, guid: 0e6060c0c8c56d042b58607185655a1b,
        type: 3}
      propertyPath: m_LocalRotation.z
      value: -0
      objectReference: {fileID: 0}
    - target: {fileID: 8701092646410257141, guid: 0e6060c0c8c56d042b58607185655a1b,
        type: 3}
      propertyPath: m_LocalRotation.w
      value: 1
      objectReference: {fileID: 0}
    - target: {fileID: 8701092646410257141, guid: 0e6060c0c8c56d042b58607185655a1b,
        type: 3}
      propertyPath: m_RootOrder
      value: 1
      objectReference: {fileID: 0}
    - target: {fileID: 8701092646410257141, guid: 0e6060c0c8c56d042b58607185655a1b,
        type: 3}
      propertyPath: m_LocalEulerAnglesHint.x
      value: 0
      objectReference: {fileID: 0}
    - target: {fileID: 8701092646410257141, guid: 0e6060c0c8c56d042b58607185655a1b,
        type: 3}
      propertyPath: m_LocalEulerAnglesHint.y
      value: 0
      objectReference: {fileID: 0}
    - target: {fileID: 8701092646410257141, guid: 0e6060c0c8c56d042b58607185655a1b,
        type: 3}
      propertyPath: m_LocalEulerAnglesHint.z
      value: 0
      objectReference: {fileID: 0}
    m_RemovedComponents: []
  m_SourcePrefab: {fileID: 100100000, guid: 0e6060c0c8c56d042b58607185655a1b, type: 3}
--- !u!4 &7057785159270354252 stripped
Transform:
  m_CorrespondingSourceObject: {fileID: 8701092646410257141, guid: 0e6060c0c8c56d042b58607185655a1b,
    type: 3}
  m_PrefabInstance: {fileID: 1815574743950643129}
  m_PrefabAsset: {fileID: 0}
--- !u!1001 &3784081734663557784
PrefabInstance:
  m_ObjectHideFlags: 0
  serializedVersion: 2
  m_Modification:
    m_TransformParent: {fileID: 3802985364025284139}
    m_Modifications:
    - target: {fileID: 4051842509829677328, guid: f9126183eae3970459fee50602e574cd,
        type: 3}
      propertyPath: m_LocalPosition.x
      value: -2.5
      objectReference: {fileID: 0}
    - target: {fileID: 4051842509829677328, guid: f9126183eae3970459fee50602e574cd,
        type: 3}
      propertyPath: m_LocalPosition.y
      value: 0.75
      objectReference: {fileID: 0}
    - target: {fileID: 4051842509829677328, guid: f9126183eae3970459fee50602e574cd,
        type: 3}
      propertyPath: m_LocalPosition.z
      value: 0
      objectReference: {fileID: 0}
    - target: {fileID: 4051842509829677328, guid: f9126183eae3970459fee50602e574cd,
        type: 3}
      propertyPath: m_LocalRotation.x
      value: -0
      objectReference: {fileID: 0}
    - target: {fileID: 4051842509829677328, guid: f9126183eae3970459fee50602e574cd,
        type: 3}
      propertyPath: m_LocalRotation.y
      value: -0
      objectReference: {fileID: 0}
    - target: {fileID: 4051842509829677328, guid: f9126183eae3970459fee50602e574cd,
        type: 3}
      propertyPath: m_LocalRotation.z
      value: -0
      objectReference: {fileID: 0}
    - target: {fileID: 4051842509829677328, guid: f9126183eae3970459fee50602e574cd,
        type: 3}
      propertyPath: m_LocalRotation.w
      value: 1
      objectReference: {fileID: 0}
    - target: {fileID: 4051842509829677328, guid: f9126183eae3970459fee50602e574cd,
        type: 3}
      propertyPath: m_RootOrder
      value: 2
      objectReference: {fileID: 0}
    - target: {fileID: 4051842509829677328, guid: f9126183eae3970459fee50602e574cd,
        type: 3}
      propertyPath: m_LocalEulerAnglesHint.x
      value: 0
      objectReference: {fileID: 0}
    - target: {fileID: 4051842509829677328, guid: f9126183eae3970459fee50602e574cd,
        type: 3}
      propertyPath: m_LocalEulerAnglesHint.y
      value: 0
      objectReference: {fileID: 0}
    - target: {fileID: 4051842509829677328, guid: f9126183eae3970459fee50602e574cd,
        type: 3}
      propertyPath: m_LocalEulerAnglesHint.z
      value: 0
      objectReference: {fileID: 0}
    - target: {fileID: 8646775504223058014, guid: f9126183eae3970459fee50602e574cd,
        type: 3}
      propertyPath: m_Name
      value: token_yellow
      objectReference: {fileID: 0}
    m_RemovedComponents: []
  m_SourcePrefab: {fileID: 100100000, guid: f9126183eae3970459fee50602e574cd, type: 3}
--- !u!4 &916705735358018440 stripped
Transform:
  m_CorrespondingSourceObject: {fileID: 4051842509829677328, guid: f9126183eae3970459fee50602e574cd,
    type: 3}
  m_PrefabInstance: {fileID: 3784081734663557784}
  m_PrefabAsset: {fileID: 0}
--- !u!1001 &4032943543360527880
PrefabInstance:
  m_ObjectHideFlags: 0
  serializedVersion: 2
  m_Modification:
    m_TransformParent: {fileID: 3802985364025284139}
    m_Modifications:
    - target: {fileID: 1591537327160800978, guid: f5843d08ffd4cba4d9b38f9ad78eecd6,
        type: 3}
      propertyPath: m_LocalPosition.x
      value: 0
      objectReference: {fileID: 0}
    - target: {fileID: 1591537327160800978, guid: f5843d08ffd4cba4d9b38f9ad78eecd6,
        type: 3}
      propertyPath: m_LocalPosition.y
      value: 0.75
      objectReference: {fileID: 0}
    - target: {fileID: 1591537327160800978, guid: f5843d08ffd4cba4d9b38f9ad78eecd6,
        type: 3}
      propertyPath: m_LocalPosition.z
      value: 0
      objectReference: {fileID: 0}
    - target: {fileID: 1591537327160800978, guid: f5843d08ffd4cba4d9b38f9ad78eecd6,
        type: 3}
      propertyPath: m_LocalRotation.x
      value: -0
      objectReference: {fileID: 0}
    - target: {fileID: 1591537327160800978, guid: f5843d08ffd4cba4d9b38f9ad78eecd6,
        type: 3}
      propertyPath: m_LocalRotation.y
      value: -0
      objectReference: {fileID: 0}
    - target: {fileID: 1591537327160800978, guid: f5843d08ffd4cba4d9b38f9ad78eecd6,
        type: 3}
      propertyPath: m_LocalRotation.z
      value: -0
      objectReference: {fileID: 0}
    - target: {fileID: 1591537327160800978, guid: f5843d08ffd4cba4d9b38f9ad78eecd6,
        type: 3}
      propertyPath: m_LocalRotation.w
      value: 1
      objectReference: {fileID: 0}
    - target: {fileID: 1591537327160800978, guid: f5843d08ffd4cba4d9b38f9ad78eecd6,
        type: 3}
      propertyPath: m_RootOrder
      value: 0
      objectReference: {fileID: 0}
    - target: {fileID: 1591537327160800978, guid: f5843d08ffd4cba4d9b38f9ad78eecd6,
        type: 3}
      propertyPath: m_LocalEulerAnglesHint.x
      value: 0
      objectReference: {fileID: 0}
    - target: {fileID: 1591537327160800978, guid: f5843d08ffd4cba4d9b38f9ad78eecd6,
        type: 3}
      propertyPath: m_LocalEulerAnglesHint.y
      value: 0
      objectReference: {fileID: 0}
    - target: {fileID: 1591537327160800978, guid: f5843d08ffd4cba4d9b38f9ad78eecd6,
        type: 3}
      propertyPath: m_LocalEulerAnglesHint.z
      value: 0
      objectReference: {fileID: 0}
    - target: {fileID: 6624785557342751420, guid: f5843d08ffd4cba4d9b38f9ad78eecd6,
        type: 3}
      propertyPath: m_Name
      value: token_blue
      objectReference: {fileID: 0}
    m_RemovedComponents: []
  m_SourcePrefab: {fileID: 100100000, guid: f5843d08ffd4cba4d9b38f9ad78eecd6, type: 3}
--- !u!4 &2441410651021912282 stripped
Transform:
  m_CorrespondingSourceObject: {fileID: 1591537327160800978, guid: f5843d08ffd4cba4d9b38f9ad78eecd6,
    type: 3}
  m_PrefabInstance: {fileID: 4032943543360527880}
  m_PrefabAsset: {fileID: 0}
